<?xml version="1.0" encoding="UTF-8"?><collection xmlns="http://www.loc.gov/MARC21/slim"><record><leader>00511nam--2200181-u-4500</leader><controlfield tag="001">000052350</controlfield><controlfield tag="002">20161230</controlfield><controlfield tag="005">20161230201050</controlfield><controlfield tag="008">100623s1000------------r-----000-0-eng-d</controlfield><datafield ind1=" " ind2=" " tag="040"><subfield code="a">IFIN-HH</subfield></datafield><datafield ind1=" " ind2=" " tag="080"><subfield code="a">531.19</subfield></datafield><datafield ind1="1" ind2=" " tag="100"><subfield code="a">Kubo, Ryogo</subfield></datafield><datafield ind1="1" ind2="0" tag="245"><subfield code="a">Statisticeskaia mehanika</subfield><subfield code="c">Ryogo Kubo</subfield></datafield><datafield ind1=" " ind2=" " tag="260"><subfield code="a">Moskva</subfield><subfield code="b">Mir</subfield><subfield code="c">1967</subfield></datafield><datafield ind1=" " ind2=" " tag="300"><subfield code="a">452 p</subfield></datafield><datafield ind1=" " ind2=" " tag="500"><subfield code="a">Tit. orig. in lb. engleza: Statistical Mechanics. An Advanced course with Probelms and Solutions</subfield></datafield><datafield ind1=" " ind2=" " tag="852"><subfield code="a">27557</subfield><subfield code="c">531</subfield></datafield><datafield ind1=" " ind2=" " tag="CAT"><subfield code="a">Sys</subfield><subfield code="c">20100623</subfield><subfield code="h">120946</subfield></datafield></record></collection>